<record><leader>00000cas a2200000 a 4500</leader><controlfield tag="001">28647783</controlfield><controlfield tag="008">930818d194u1948cauwr ne      0    0eng c</controlfield><datafield ind1=" " ind2=" " tag="010"><subfield code="a">sn 93053381 </subfield></datafield><datafield ind1=" " ind2=" " tag="040"><subfield code="a">CNK</subfield><subfield code="b">eng</subfield><subfield code="c">CNK</subfield><subfield code="d">OCLCQ</subfield><subfield code="d">CNK</subfield><subfield code="d">OCLCQ</subfield><subfield code="d">OCLCF</subfield><subfield code="d">OCLCO</subfield></datafield><datafield ind1="1" ind2=" " tag="029"><subfield code="a">AU@</subfield><subfield code="b">000025906847</subfield></datafield><datafield ind1=" " ind2=" " tag="042"><subfield code="a">pcc</subfield></datafield><datafield ind1=" " ind2=" " tag="043"><subfield code="a">n-us-ca</subfield></datafield><datafield ind1="0" ind2="0" tag="245"><subfield code="a">Limelight news.</subfield></datafield><datafield ind1="3" ind2="0" tag="246"><subfield code="a">Big Bear Lake limelight news</subfield></datafield><datafield ind1=" " ind2=" " tag="260"><subfield code="a">Big Bear Lake, Calif. :</subfield><subfield code="b">Roy L. Dean</subfield></datafield><datafield ind1=" " ind2=" " tag="300"><subfield code="a">v.</subfield></datafield><datafield ind1=" " ind2=" " tag="310"><subfield code="a">Weekly</subfield></datafield><datafield ind1="0" ind2=" " tag="362"><subfield code="a">-v. 3, no. 11 (Sept. 3, 1948).</subfield></datafield><datafield ind1=" " ind2=" " tag="500"><subfield code="a">"Big Bear Lake" appears in banner over title on masthead.</subfield></datafield><datafield ind1=" " ind2=" " tag="530"><subfield code="a">Master negatives are available for duplication from:</subfield><subfield code="b">California Newspaper Microfilm Archive;</subfield><subfield code="c">for further information consult the CNMA at:</subfield><subfield code="u">http://cbsr.ucr.edu.</subfield></datafield><datafield ind1=" " ind2=" " tag="588"><subfield code="a">Description based on: Vol. 2, no. 52 (June 16, 1948).</subfield></datafield><datafield ind1=" " ind2="0" tag="651"><subfield code="a">Bear Valley (San Bernardino County, Calif.)</subfield><subfield code="v">Newspapers.</subfield></datafield><datafield ind1=" " ind2="7" tag="655"><subfield code="a">Newspapers.</subfield><subfield code="2">fast</subfield><subfield code="0">(OCoLC)fst01423814</subfield></datafield><datafield ind1=" " ind2="7" tag="651"><subfield code="a">California</subfield><subfield code="z">Bear Valley (San Bernardino County)</subfield><subfield code="2">fast</subfield><subfield code="0">(OCoLC)fst01317509</subfield></datafield><datafield ind1=" " ind2=" " tag="752"><subfield code="a">United States</subfield><subfield code="b">California</subfield><subfield code="c">San Bernardino</subfield><subfield code="d">Big Bear Lake.</subfield></datafield><datafield ind1="0" ind2="0" tag="780"><subfield code="t">Limelight</subfield><subfield code="w">(DLC)sn 94051742</subfield></datafield><datafield ind1="0" ind2="7" tag="785"><subfield code="t">Mountaineer</subfield></datafield><datafield ind1="0" ind2="7" tag="785"><subfield code="t">Limelight news and the mountaineer</subfield><subfield code="w">(DLC)sn 93053382</subfield></datafield></record>